<record><leader>00000cas a22000007a 4500</leader><controlfield tag="001">11208804</controlfield><controlfield tag="008">840928d18711880ohudr ne      0   b0eng d</controlfield><controlfield tag="009">3770</controlfield><datafield ind1=" " ind2=" " tag="010"><subfield code="a">sn 84024198 </subfield></datafield><datafield ind1=" " ind2=" " tag="040"><subfield code="a">NPV</subfield><subfield code="b">eng</subfield><subfield code="c">NPV</subfield><subfield code="d">DLC</subfield><subfield code="d">NPX</subfield><subfield code="d">NPU</subfield><subfield code="d">NPT</subfield><subfield code="d">ONP</subfield><subfield code="d">MGN</subfield><subfield code="d">ONP</subfield><subfield code="d">NYS</subfield></datafield><datafield ind1="1" ind2=" " tag="029"><subfield code="a">AU@</subfield><subfield code="b">000020340049</subfield></datafield><datafield ind1=" " ind2=" " tag="042"><subfield code="a">msc</subfield></datafield><datafield ind1="0" ind2="0" tag="245"><subfield code="a">Toledo morning commercial.</subfield></datafield><datafield ind1="1" ind2="0" tag="246"><subfield code="a">Sunday commercial</subfield></datafield><datafield ind1=" " ind2=" " tag="260"><subfield code="a">Toledo, Ohio :</subfield><subfield code="b">Toledo Commercial Co.,</subfield><subfield code="c">1871-</subfield></datafield><datafield ind1=" " ind2=" " tag="300"><subfield code="a">v.</subfield></datafield><datafield ind1=" " ind2=" " tag="310"><subfield code="a">Daily</subfield></datafield><datafield ind1="0" ind2=" " tag="362"><subfield code="a">Vol. 22, no. 47 (Oct. 7, 1871)-</subfield></datafield><datafield ind1="1" ind2=" " tag="362"><subfield code="a">Ceased in Nov. 1880.</subfield></datafield><datafield ind1=" " ind2=" " tag="500"><subfield code="a">Published on Sundays as: Sunday commercial, &lt;Mar. 28, Apr. 4, 1880&gt;.</subfield></datafield><datafield ind1=" " ind2=" " tag="500"><subfield code="a">Publishers: Toledo Commercial Co., &lt;1876&gt;; Toledo Newspaper Co., &lt;1878&gt;.</subfield></datafield><datafield ind1=" " ind2="4" tag="651"><subfield code="a">Toledo (Ohio)</subfield><subfield code="v">Newspapers.</subfield></datafield><datafield ind1=" " ind2="4" tag="651"><subfield code="a">Lucas County (Ohio)</subfield><subfield code="v">Newspapers.</subfield></datafield><datafield ind1=" " ind2=" " tag="752"><subfield code="a">United States</subfield><subfield code="b">Ohio</subfield><subfield code="c">Lucas</subfield><subfield code="d">Toledo.</subfield></datafield><datafield ind1="0" ind2=" " tag="775"><subfield code="t">Toledo weekly commercial</subfield><subfield code="w">(DLC)sn 85026285</subfield></datafield><datafield ind1="0" ind2=" " tag="775"><subfield code="t">Toledo tri-weekly commercial</subfield><subfield code="w">(DLC)sn 85038259</subfield></datafield><datafield ind1="0" ind2="0" tag="780"><subfield code="t">Toledo daily commercial (Toledo, Ohio : 1866)</subfield><subfield code="w">(DLC)sn 87076716</subfield></datafield><datafield ind1="0" ind2="0" tag="785"><subfield code="t">Toledo telegram</subfield></datafield></record>